@ARTICLE{texliveQuickinstall,
  author       = {{TeX Live}},
  title        = {Quick install},
  JOURNAL      = {\tt \url{https://www.tug.org/texlive/quickinstall.html}}
}

@article{installMacTeX,
  author          = {{TeX Live}},
  journal         = {\tt \url{https://www.tug.org/mactex/mactex-download.html}},
  title           = {Installing MacTeX},
  year            = {2024}
}

@article{installGit,
  author          = {Atlassian},
  journal         = {\tt \url{https://www.atlassian.com/git/tutorials/install-git}},
  title           = {How to install Git},
  year            = {2024}
}

@article{vscodeGit,
  author          = {Microsoft},
  journal         = {\tt \url{https://code.visualstudio.com/docs/sourcecontrol/intro-to-git}},
  title           = {Introduction to Git in VS Code},
  year            = {2024}
}


@ARTICLE{forceFigurePlacement,
  AUTHOR={Juan Navarro},
  TITLE={Force figure placement in text},
  JOURNAL={\tt \url{https://tex.stackexchange.com/questions/8625/force-figure-placement-in-text}},
   YEAR={2011}
}